% Encoding: UTF-8

@Misc{SciPy_Opti,
  author = {Eric Jones and Travis Oliphant and Pearu Peterson and others},
  title  = {Python3 Package \verb|scipy.optimize| for curve fitting.},
  year   = {2001--},
  url    = {https://docs.scipy.org/doc/scipy/reference/generated/scipy.optimize.curve_fit.html},
}

@Manual{anleitung,
  title     = {Versuchsanleitung: Fortgeschrittenen Praktikum Teil 1 Rastertunnelmikroskop},
  date      = {2018-11-09},
  publisher = {Albert-Ludwigs Universität Freiburg},
}

@Article{Franken,
  author       = {P.A.Franken},
  title        = {Interference Effects in the Resoanance Fluorescence of "Crossed" Excited Atomic States},
  journal      = {The Harrison M.Randall Laboratory of Physics, The University of Michigan, Ann Arbor, Michigan},
  year         = {1960},
  origlanguage = {Englissch},
}

@Misc{RMT,
  editor   = {NanoSurf AG},
  title    = {Operating Instructions: easyScan 2 STM},
  year     = {May 07},
  location = {Schweitz},
}

@Misc{Staatsexam,
  author       = {Dieter Ritzmann},
  title        = {Einrischtung eines Versuchs:Rastertunnelmikroskopie für das Fortgeschrittenen-Praktikum 2.},
  year         = {Februar 1994},
  organization = {Albert-Ludwigs-Universität Freiburg},
  location     = {Freiburg},
}

@Misc{Ex3Tex,
  author   = {Markus Österle, Andrez Gockel, Damian Lanzenstiel, Patrick Munnich},
  title    = {Experimentalphysik III},
  year     = {2019},
  location = {Freiburg},
}

@Comment{jabref-meta: databaseType:biblatex;}
