% Encoding: UTF-8

@InProceedings{Am_Decay,
  author    = {Khatry, Jivan and Nieminen, Juha and Smith, Joshua and Slotten, Kari},
  title     = {10 We Radioisotope Thermophotovoltaic (RTPV) Power Source Demonstration},
  year      = {2017},
  month     = {02},
  url       = {https://www.researchgate.net/publication/331332981_10_We_Radioisotope_Thermophotovoltaic_RTPV_Power_Source_Demonstration#pf6},
  timestamp = {2019-09-06},
}

@Misc{SciPy_Opti,
  author = {Eric Jones and Travis Oliphant and Pearu Peterson and others},
  title  = {Python3 Package \verb|scipy.optimize| for curve fitting.},
  year   = {2001--},
  url    = {https://docs.scipy.org/doc/scipy/reference/generated/scipy.optimize.curve_fit.html},
}

@Manual{Anleitung,
  title     = {Versuchsanleitung: Fortgeschrittenen Praktikum Teil 1 Kurze Halbwertszeiten},
  publisher = {Uni Freiburg},
}

@Book{delayC,
  author    = {Bodenstedt, E.},
  title     = {Experimente der Kernphysik und ihre Deutung, Teil 2},
  year      = {1978},
  date      = {1978-07-02},
  publisher = {Bibliographisches Institut},
  pages     = {584},
}

@Comment{jabref-meta: databaseType:biblatex;}
