% Encoding: UTF-8

@Misc{SciPy_Opti,
  author = {Eric Jones and Travis Oliphant and Pearu Peterson and others},
  title  = {Python3 Package \verb|scipy.optimize| for curve fitting.},
  year   = {2001--},
  url    = {https://docs.scipy.org/doc/scipy/reference/generated/scipy.optimize.curve_fit.html},
}

@Manual{anleitung,
  title     = {Versuchsanleitung: Fortgeschrittenen Praktikum Teil 1 Kernspin},
  publisher = {Albert-Ludwigs Universität Freiburg},
}

@Misc{Electromagnet,
  title    = {Manual of the Electromagnets},
  location = {page.2},
}

@Online{hbar,
  title = {NIST Reference on Constants, Units and Uncertainty},
  url   = {https://physics.nist.gov/cgi-bin/cuu/Value?hbar|search_for=hbar},
}
@book{demtr,
	author = {Demtröder,W.},
	title = {Experimentalphysik Band 3: Atome, Moleküle und Festkörper},
	date = {2010},
	OPTpublisher = {Springer},

}

@Comment{jabref-meta: databaseType:biblatex;}
