% Encoding: UTF-8

@Misc{SciPy_Opti,
  author = {Eric Jones and Travis Oliphant and Pearu Peterson and others},
  title  = {Python3 Package \verb|scipy.optimize| for curve fitting, \url{https://docs.scipy.org/doc/scipy/reference/generated/scipy.optimize.curve_fit.html}},
  year   = {2001--},
  url    = {https://docs.scipy.org/doc/scipy/reference/generated/scipy.optimize.curve_fit.html},
}

@Misc{Anleitung,
  author     = {M.Meyer},
  title      = {Verbesserung des Versuchs Spektroskopie am J2-Molekül des Fortgeschrittenen Prakitkums, Wissenschaftliche Arbeit für das Staatsexamen im Fach Physik, Physikalisches Institut Albert-Ludwig-Universität Freiburg},
  year       = {2014},
  titleaddon = {Wissenschaftliche Arbeit für das Staatsexamen im Fach Physik},
  location   = {Physikalisches Institut Albert-Ludwig-Universität Freiburg},
}

@Misc{Peak,
  author = {Lucas Hermann Negri},
  title  = {Python 3 Package \verb|PeakUtils| for finding Peaks., \url{https://peakutils.readthedocs.io/en/latest/}},
  year   = {2014 - 2019},
  url    = {https://peakutils.readthedocs.io/en/latest/},
}

@Misc{uncertainties,
  author = {Eric O. Lebigot},
  title  = {Python 3 Package \verb|uncertainties| for calculating with uncertainties., \url{https://github.com/lebigot/uncertainties/tree/master/uncertainties}},
  year   = {2010–2016},
  url    = {https://github.com/lebigot/uncertainties/tree/master/uncertainties},
}

@Online{Frank,
  author  = {Samoza},
  title   = {\verb|Franck Condon Diagram.svg|, \url{https://commons.wikimedia.org/wiki/File:Franck_Condon_Diagram.svg}},
  year    = {2014},
  date    = {2014-06-18},
  url     = {\url{https://commons.wikimedia.org/wiki/File:Franck_Condon_Diagram.svg}},
  urldate = {2019-10-24},
}

@Misc{Morse,
  author  = {Samoza},
  title   = {\verb|Morse-potential.png|, \url{https://commons.wikimedia.org/wiki/File:Morse-potential.png}},
  year    = {2006},
  date    = {2006-03-26},
  url     = {\url{https://commons.wikimedia.org/wiki/File:Morse-potential.png}},
  urldate = {2019-10-24},
}

@Comment{jabref-meta: databaseType:biblatex;}
