% Encoding: UTF-8

@Misc{SciPy_Opti,
  author = {Eric Jones and Travis Oliphant and Pearu Peterson and others},
  title  = {Python3 Package \verb|scipy.optimize| for curve fitting.},
  year   = {2001--},
  url    = {https://docs.scipy.org/doc/scipy/reference/generated/scipy.optimize.curve_fit.html},
}

@Manual{anleitung,
  title     = {Versuchsanleitung: Fortgeschrittenen Praktikum Teil 1 Kernspin},
  publisher = {Albert-Ludwigs Universit√§t Freiburg},
}

@Comment{jabref-meta: databaseType:biblatex;}
