% Encoding: UTF-8
@Misc{SciPy_Opti,
  author = {Eric Jones and Travis Oliphant and Pearu Peterson and others},
  title  = {Python3 Package \verb|scipy.optimize| for curve fitting.},
  year   = {2001--},
  url    = {https://docs.scipy.org/doc/scipy/reference/generated/scipy.optimize.curve_fit.html},
}

@Manual{anleitung,
  author    = {TH.KLAPDOR-KLEINGROTHAUS},
  title     = {Versuchsanleitung: Fortgeschrittenen Praktikum Teil 1 Szintillationszähler},
  year      = {2017},
  publisher = {Albert-Ludwigs Universität Freiburg},
}
@book{demtr,
	author = {Demtröder,W.},
	title = {Experimentalphysik Band 3: Atome, Moleküle und Festkörper},
	date = {2010},
	OPTpublisher = {Springer},

}

@Misc{Ex3Tex,
  author   = {Markus Österle, Andrez Gockel, Damian Lanzenstiel, Patrick Munnich},
  title    = {Experimentalphysik III},
  year     = {2019},
  location = {Freiburg},
}

@Report{staatsex_szinti,
  author      = {Tobijas Kotyk},
  title       = {Versuche zur Radioaktivität im Physikalischen Fortgeschrittenen Praktikum an der Albert-Ludwigs-Universität Freiburg},
  type        = {Wissenschaftliche Prüfungsarbeit im Rahmen der Ersten Staatsprüfung für das Lehramt an Gymnasien},
  institution = {Albert-Ludwigs-Universität Freiburg},
  year        = {2005},
}

@Comment{jabref-meta: databaseType:biblatex;}
