% Encoding: UTF-8
@Misc{SciPy_Opti,
  author = {Eric Jones and Travis Oliphant and Pearu Peterson and others},
  title  = {Python3 Package \verb|scipy.optimize| for curve fitting.},
  year   = {2001--},
  url    = {https://docs.scipy.org/doc/scipy/reference/generated/scipy.optimize.curve_fit.html},
}

@Manual{anleitung,
  title     = {Versuchsanleitung: Fortgeschrittenen Praktikum Teil 1 Halbleiter},
  publisher = {Albert-Ludwigs Universität Freiburg},
}

@Misc{Electromagnet,
  title    = {Manual of the Electromagnets},
  location = {page.2},
}

@Online{hbar,
  title = {NIST Reference on Constants, Units and Uncertainty},
  url   = {https://physics.nist.gov/cgi-bin/cuu/Value?hbar|search_for=hbar},
}
@book{demtr,
	author = {Demtröder,W.},
	title = {Experimentalphysik Band 3: Atome, Moleküle und Festkörper},
	date = {2010},
	OPTpublisher = {Springer},

}

@Report{Staatsexamen,
  author      = {Simon Amrein},
  title       = {Halbleiter und Halbleiterdetektoren},
  type        = {Staatsexamensarbeit},
  institution = {Albert-Ludvigs-Universität Freiburg im Breisgau},
  year        = {1.4.2008},
}

@Report{staatsex_squid,
  author      = {Volker Bange},
  title       = {Einrichtung des Versuches "SQUID"},
  type        = {Wissenschaftliche Arbeit für die Zulassung zu Prüfung für das Lehramt an Gymnasien},
  institution = {Albert-Ludvigs-Universität Freiburg im Breisgau},
  year        = {2000},
}

@Article{Franken,
  author       = {P.A.Franken},
  title        = {Interference Effects in the Resoanance Fluorescence of "Crossed" Excited Atomic States},
  journal      = {The Harrison M.Randall Laboratory of Physics, The University of Michigan, Ann Arbor, Michigan},
  year         = {1960},
  origlanguage = {Englissch},
}

@Misc{RMT,
  editor   = {NanoSurf AG},
  title    = {Operating Instructions: easyScan 2 STM},
  year     = {May 07},
  location = {Schweitz},
}

@Misc{Staatsexam,
  author       = {Dieter Ritzmann},
  title        = {Einrischtung eines Versuchs:Rastertunnelmikroskopie für das Fortgeschrittenen-Praktikum 2.},
  year         = {Februar 1994},
  organization = {Albert-Ludwigs-Universität Freiburg},
  location     = {Freiburg},
}

@Misc{Ex3Tex,
  author   = {Markus Österle, Andrez Gockel, Damian Lanzenstiel, Patrick Munnich},
  title    = {Experimentalphysik III},
  year     = {2019},
  location = {Freiburg},
}


@Comment{jabref-meta: databaseType:biblatex;}